@inproceedings{coverity,
 author = {Coverity Inc.},
 title = {Coverity SAVE: Coverity Static Analysis Verification Engine},
 booktitle = {http://www.coverity.com/}
}
@article{saturn,
 author = {Xie, Yichen and Aiken, Alex},
 title = {Saturn: A scalable framework for error detection using Boolean satisfiability},
 journal = {ACM Trans. Program. Lang. Syst.},
 issue_date = {May 2007},
 volume = {29},
 number = {3},
 month = may,
 year = {2007},
 issn = {0164-0925},
 articleno = {16},
 url = {http://doi.acm.org/10.1145/1232420.1232423},
 doi = {10.1145/1232420.1232423},
 acmid = {1232423},
 publisher = {ACM},
 address = {New York, NY, USA},
 keywords = {Boolean satisfiability, Program analysis, error detection},
}
@inproceedings{klocwork,
 author = {Klockwork},
 title = {Klockwork Insight},
 booktitle = {http://www.klocwork.com/}
}
@inproceedings{parasoft,
 author = {Parasoft},
 title = {Parasoft dotTEST},
 booktitle = {http://www.parasoft.com/}
}
@inproceedings{findbugs,
 author = {Cole, Brian and Hakim, Daniel and Hovemeyer, David and Lazarus, Reuven and Pugh, William and Stephens, Kristin},
 title = {Improving your software using static analysis to find bugs},
 booktitle = {Companion to the 21st ACM SIGPLAN symposium on Object-oriented programming systems, languages, and applications},
 series = {OOPSLA '06},
 year = {2006},
 isbn = {1-59593-491-X},
 location = {Portland, Oregon, USA},
 pages = {673--674},
 numpages = {2},
 url = {http://doi.acm.org/10.1145/1176617.1176667},
 doi = {10.1145/1176617.1176667},
 acmid = {1176667},
 publisher = {ACM},
 address = {New York, NY, USA},
 keywords = {FindBugs, Java, static analysis},
}
@MISC{chess,
 author = {Madanlal Musuvathi and Shaz Qadeer and Thomas Ball},
 title = { CHESS: A Systematic Testing Tool for Concurrent Software},
 year = {2007}
}
@inproceedings{collberg,
 author = {Collberg, Christian and Thomborson, Clark and Low, Douglas},
 title = {Manufacturing cheap, resilient, and stealthy opaque constructs},
 booktitle = {Proceedings of the 25th ACM SIGPLAN-SIGACT symposium on Principles of programming languages},
 series = {POPL '98},
 year = {1998},
 isbn = {0-89791-979-3},
 location = {San Diego, California, USA},
 pages = {184--196},
 numpages = {13},
 url = {http://doi.acm.org/10.1145/268946.268962},
 doi = {10.1145/268946.268962},
 acmid = {268962},
 publisher = {ACM},
 address = {New York, NY, USA},
} 
@inproceedings{jbco,
 author = {Micheal Batchelder and Laurie Hendren},
 title = {Obfuscating Java: the most pain for the least gain},
 booktitle = {http://www.sable.mcgill.ca/publications/techreports/sable-tr-2006-5.pdf},
}
@inproceedings{controlflowobf,
 author = {Ge, Jun and Chaudhuri, Soma and Tyagi, Akhilesh},
 title = {Control flow based obfuscation},
 booktitle = {Proceedings of the 5th ACM workshop on Digital rights management},
 series = {DRM '05},
 year = {2005},
 isbn = {1-59593-230-5},
 location = {Alexandria, VA, USA},
 pages = {83--92},
 numpages = {10},
 url = {http://doi.acm.org/10.1145/1102546.1102561},
 doi = {10.1145/1102546.1102561},
 acmid = {1102561},
 publisher = {ACM},
 address = {New York, NY, USA},
 keywords = {control flow, software obfuscation},
}
@inproceedings{designobf,
 author = {Sosonkin, Mikhail and Naumovich, Gleb and Memon, Nasir},
 title = {Obfuscation of design intent in object-oriented applications},
 booktitle = {Proceedings of the 3rd ACM workshop on Digital rights management},
 series = {DRM '03},
 year = {2003},
 isbn = {1-58113-786-9},
 location = {Washington, DC, USA},
 pages = {142--153},
 numpages = {12},
 url = {http://doi.acm.org/10.1145/947380.947399},
 doi = {10.1145/947380.947399},
 acmid = {947399},
 publisher = {ACM},
 address = {New York, NY, USA},
 keywords = {code generation, refactoring, software obfuscation},
}
@inproceedings{zelix,
 author = {Zelix},
 title = {KlassMaster},
 booktitle = {http://www.zelix.com/klassmaster/},
}
@inproceedings{proguard,
 author = {Eric Lafortune},
 title = {Proguard},
 booktitle = {http://proguard.sourceforge.net/},
}
@inproceedings{sutter,
 author = {Anckaert, Bertrand and Madou, Matias and De Sutter, Bjorn and De Bus, Bruno and De Bosschere, Koen and Preneel, Bart},
 title = {Program obfuscation: a quantitative approach},
 booktitle = {Proceedings of the 2007 ACM workshop on Quality of protection},
 series = {QoP '07},
 year = {2007},
 isbn = {978-1-59593-885-5},
 location = {Alexandria, Virginia, USA},
 pages = {15--20},
 numpages = {6},
 url = {http://doi.acm.org/10.1145/1314257.1314263},
 doi = {10.1145/1314257.1314263},
 acmid = {1314263},
 publisher = {ACM},
 address = {New York, NY, USA},
 keywords = {metrics, program obfuscation, quantification},
}
@inproceedings{McCabe,
 author = {McCabe, Thomas J.},
 title = {A complexity measure},
 booktitle = {Proceedings of the 2nd international conference on Software engineering},
 series = {ICSE '76},
 year = {1976},
 location = {San Francisco, California, USA},
 pages = {407--},
 url = {http://dl.acm.org/citation.cfm?id=800253.807712},
 acmid = {807712},
 publisher = {IEEE Computer Society Press},
 address = {Los Alamitos, CA, USA},
 keywords = {Basis, Complexity measure, Control flow, Decomposition, Graph theory, Independence, Linear, Modularization, Programming, Reduction, Software, Testing},
}
@inproceedings{entropy,
 author = {Roberto Giacobazzi and Andrea Toppan},
 title = {On Entropy Measures for Code Obfuscation},
 booktitle = {ACM SIGPLAN Software Security and Protection Workshop},
 year = {2013},
 location = {Seattle, Washington},
}
@MISC{graphminor,
    author = {László Lovász},
    title = {Graph Minor Theory},
    year = {2005}
}
@INPROCEEDINGS{Demaine05,
    author = {Erik D. Demaine and Mohammadtaghi Hajiaghayi and Ken-ichi Kawarabayashi},
    title = {Algorithmic Graph Minor Theory: Decomposition, Approximation, and Coloring},
    booktitle = {In 46th Annual IEEE Symposium on Foundations of Computer Science},
    year = {2005},
    pages = {637--646},
    publisher = {Press}
}